<record><leader>00000cas a2200000 a 4500</leader><controlfield tag="001">2266192</controlfield><controlfield tag="008">760620d19271960paudr ne      0    0eng c</controlfield><datafield ind1=" " ind2=" " tag="010"><subfield code="a">sn 84024538 </subfield></datafield><datafield ind1=" " ind2=" " tag="040"><subfield code="a">PIT</subfield><subfield code="b">eng</subfield><subfield code="c">PIT</subfield><subfield code="d">NPV</subfield><subfield code="d">NPH</subfield><subfield code="d">DLC</subfield><subfield code="d">OCLCQ</subfield><subfield code="d">OCLCF</subfield></datafield><datafield ind1="1" ind2=" " tag="029"><subfield code="a">AU@</subfield><subfield code="b">000025832170</subfield></datafield><datafield ind1=" " ind2=" " tag="042"><subfield code="a">pcc</subfield></datafield><datafield ind1=" " ind2=" " tag="043"><subfield code="a">n-us-pa</subfield></datafield><datafield ind1="0" ind2="0" tag="050"><subfield code="a">Newspaper 9604-A</subfield></datafield><datafield ind1="0" ind2="0" tag="245"><subfield code="a">Pittsburgh sun-telegraph.</subfield></datafield><datafield ind1="1" ind2="3" tag="246"><subfield code="a">Pittsburgh sun-telegraph combining the chronicle telegraph and the Pittsburgh sun</subfield></datafield><datafield ind1="3" ind2="0" tag="246"><subfield code="a">Sun-telegraph</subfield></datafield><datafield ind1=" " ind2=" " tag="260"><subfield code="a">[Pittsburgh, Pa.] :</subfield><subfield code="b">Pitt Pub. Co.,</subfield><subfield code="c">1927-1960.</subfield></datafield><datafield ind1=" " ind2=" " tag="300"><subfield code="a">v. :</subfield><subfield code="b">ill. ;</subfield><subfield code="c">60 cm.</subfield></datafield><datafield ind1=" " ind2=" " tag="310"><subfield code="a">Daily,</subfield><subfield code="b">July 16, 1928-1960</subfield></datafield><datafield ind1=" " ind2=" " tag="321"><subfield code="a">Daily (except Sunday),</subfield><subfield code="b">Aug. 2, 1927-July 15, 1928</subfield></datafield><datafield ind1="0" ind2=" " tag="362"><subfield code="a">Vol. 1, no. 1 (Aug. 2, 1927)- ; -Apr. 24, 1960.</subfield></datafield><datafield ind1=" " ind2=" " tag="500"><subfield code="a">Title varies, Aug. 2, 1927-&lt;July 18&gt; 1928.</subfield></datafield><datafield ind1=" " ind2=" " tag="500"><subfield code="a">Published by: Hearst Pub. Co. &lt;Mar. 18, 1958&gt;-Apr. 24, 1960.</subfield></datafield><datafield ind1=" " ind2=" " tag="580"><subfield code="a">Sunday ed.: Sunday sun-telegraph, Aug. 7, 1927-July 15, 1928.</subfield></datafield><datafield ind1=" " ind2="0" tag="651"><subfield code="a">Pittsburgh (Pa.)</subfield><subfield code="v">Newspapers.</subfield></datafield><datafield ind1=" " ind2="7" tag="655"><subfield code="a">Newspapers.</subfield><subfield code="2">fast</subfield><subfield code="0">(OCoLC)fst01423814</subfield></datafield><datafield ind1=" " ind2="7" tag="651"><subfield code="a">Pennsylvania</subfield><subfield code="z">Pittsburgh.</subfield><subfield code="2">fast</subfield><subfield code="0">(OCoLC)fst01205171</subfield></datafield><datafield ind1=" " ind2=" " tag="752"><subfield code="a">United States</subfield><subfield code="b">Pennsylvania</subfield><subfield code="c">Allegheny</subfield><subfield code="d">Pittsburgh.</subfield></datafield><datafield ind1="1" ind2=" " tag="775"><subfield code="t">Sunday sun-telegraph</subfield><subfield code="w">(DLC)sn 85054555</subfield></datafield><datafield ind1="0" ind2="4" tag="780"><subfield code="t">Pittsburgh chronicle telegraph</subfield><subfield code="w">(DLC)sn 85054644</subfield></datafield><datafield ind1="0" ind2="4" tag="780"><subfield code="t">Pittsburgh sun</subfield><subfield code="w">(DLC)sn 85054654</subfield></datafield><datafield ind1="0" ind2="5" tag="780"><subfield code="t">Sunday sun-telegraph</subfield><subfield code="g">July 22, 1928</subfield><subfield code="w">(DLC)sn 85054555</subfield></datafield><datafield ind1="0" ind2="7" tag="785"><subfield code="t">Pittsburgh post-gazette (Pittsburgh, Pa. : 1927)</subfield><subfield code="w">(OCoLC)2266183</subfield></datafield><datafield ind1="0" ind2="7" tag="785"><subfield code="t">Post-gazette and sun-telegraph</subfield><subfield code="w">(DLC)sn 87080411</subfield></datafield></record>